% This file was created with JabRef 2.10.
% Encoding: UTF-8


@Article{Adler89An,
  Title                    = {An Implementation of {K}armarkar's Algorithm for Linear Programming},
  Author                   = {I. Adler and N. Karmarkar and M.G.C. Resende and G. Veiga},
  Journal                  = {Mathematical Programming},
  Year                     = {1989},
  Pages                    = {297--335},
  Volume                   = {44}
}

@PhdThesis{Allis94searchingfor,
  Title                    = {Searching for Solutions in Games and Artificial Intelligence},
  Author                   = {L. V. Allis},
  School                   = {Rijksuniversiteit Limburg},
  Year                     = {1994},

  Address                  = {Maastricht, The Netherlands}
}

@Article{Allis94PNS,
  Title                    = {Proof-number Search},
  Author                   = {V. Allis},
  Journal                  = {Artificial Intelligence},
  Year                     = {1994},

  Month                    = {March},
  Number                   = {1},
  Pages                    = {91--124},
  Volume                   = {66}
}

@MastersThesis{ConnectFour,
  Title                    = {A Knowledge-Based Approach to {C}onnect {F}our},
  Author                   = {V. Allis},
  School                   = {Vrije Universiteit},
  Year                     = {1988},
  Month                    = {October}
}

@Article{Andrieu03An,
  Title                    = {An Introduction to {MCMC} for Machine Learning},
  Author                   = {C. Andrieu and N. de Freitas and A. Doucet and M. I. Jordan},
  Journal                  = {Machine Learning},
  Year                     = {2003},
  Pages                    = {5--43},
  Volume                   = {50}
}

@InProceedings{Audibert04minimaxpolicies,
  Title                    = {Minimax policies for adversarial and stochastic bandits},
  Author                   = {Jean-Yves Audibert and S\'{e}bastien Bubeck},
  Booktitle                = {Proceedings of the 22nd Annual Conference on Learning Theory},
  Year                     = {2004},
  Pages                    = {773--818},
  Publisher                = {Omnipress}
}

@Article{UCB,
  Title                    = {Finite-time Analysis of the Multiarmed Bandit Problem},
  Author                   = {Peter Auer and Nicol\`{o} Cesa-Bianchi and Paul Fischer},
  Journal                  = {Machine Learning},
  Year                     = {2002},
  Number                   = {2-3},
  Pages                    = {235--256},
  Volume                   = {47}
}

@Article{Auer2003Exp3,
  Title                    = {The Nonstochastic Multiarmed Bandit Problem},
  Author                   = {Auer, Peter and Cesa-Bianchi, Nicol\`{o} and Freund, Yoav and Schapire, Robert E.},
  Journal                  = {SIAM J. Comput.},
  Year                     = {2003},

  Month                    = jan,
  Number                   = {1},
  Pages                    = {48--77},
  Volume                   = {32},

  Address                  = {Philadelphia, PA, USA},
  Publisher                = {Society for Industrial and Applied Mathematics}
}

@InProceedings{Exp3,
  Title                    = {Gambling in a rigged casino: The adversarial multi-armed bandit problem},
  Author                   = {Auer, P. and Cesa-Bianchi, N. and Freund, Y. and Schapire, R. E.},
  Booktitle                = {Proceedings of the 36th Annual Symposium on Foundations of Computer Science},
  Year                     = {1995},
  Pages                    = {322--331}
}

@InProceedings{Auger11Multiple,
  Title                    = {Multiple tree for partially observable Monte-Carlo tree search},
  Author                   = {Auger, David},
  Booktitle                = {Applications of Eolutionary Computation (EvoApplications 2011), Part I},
  Year                     = {2011},

  Address                  = {Berlin, Heidelberg},
  Pages                    = {53--62},
  Publisher                = {Springer-Verlag},
  Series                   = {LNCS},
  Volume                   = {6624}
}

@InProceedings{Balla09UCT,
  Title                    = {{UCT} for Tactical Assault Planning in Real-time Strategy Games},
  Author                   = {R.-K. Balla and A. Fern},
  Booktitle                = {Proceedings of the International Joint Conference on Artificial Intelligence (IJCAI)},
  Year                     = {2009},
  Pages                    = {40--45}
}

@Article{Ballard83,
  Title                    = {The *-Minimax Search Procedure for Trees Containing Chance Nodes},
  Author                   = {B. W. Ballard},
  Journal                  = {Artificial Intelligence},
  Year                     = {1983},
  Number                   = {3},
  Pages                    = {327-350},
  Volume                   = {21},

  Bibsource                = {DBLP, http://dblp.uni-trier.de},
  Ee                       = {http://dx.doi.org/10.1016/S0004-3702(83)80015-0}
}

@InProceedings{Barone98,
  Title                    = {Evolving Adaptive Play for Simplified {P}oker},
  Author                   = {L. Barone and L. While},
  Booktitle                = {Proceedings of {IEEE} International Conference on Computational Intelligence ({ICEC}-98)},
  Year                     = {1998}
}

@InProceedings{Beard12Using,
  Title                    = {Using {M}onte {C}arlo Tree Search for Replanning in a Multistage Simultaneous Game},
  Author                   = {D. Beard and P. Hingston and M. Masek},
  Booktitle                = {Proceedings of the IEEE Congress on Evolutionary Computation (CEC)},
  Year                     = {2012}
}

@Article{BellemareNVB13,
  Title                    = {The Arcade Learning Environment: An Evaluation Platform for General Agents},
  Author                   = {Marc G. Bellemare and Yavar Naddaf and Joel Veness and Michael Bowling},
  Journal                  = {Journal of Artificial Intelligence Research (JAIR)},
  Year                     = {2013},
  Pages                    = {253--279},
  Volume                   = {47}
}

@Book{Bellman57,
  Title                    = {Dynamic Programming},
  Author                   = {R. Bellman},
  Publisher                = {Princeton University Press},
  Year                     = {1957}
}

@Article{Berger07,
  Title                    = {{B}rown's original fictitious play},
  Author                   = {U. Berger},
  Journal                  = {Journal of Economic Theory},
  Year                     = {2007},
  Pages                    = {572--578},
  Volume                   = {135}
}

@Article{bertsekas99,
  Title                    = {Rollout Algorithms for Stochastic Scheduling Problems},
  Author                   = {D. P. Bertsekas and D. A. Castanon},
  Journal                  = {Journal of Heuristics},
  Year                     = {1999},
  Number                   = {1},
  Pages                    = {89--108},
  Volume                   = {5},

  Address                  = {Hingham, MA, USA},
  Doi                      = {http://dx.doi.org/10.1023/A:1009634810396},
  ISSN                     = {1381-1231},
  Publisher                = {Kluwer Academic Publishers}
}

@Book{bertsekas1996,
  Title                    = {Neuro-Dynamic Programming},
  Author                   = {D. P. Bertsekas and J. N. Tsitsiklis},
  Publisher                = {Athena Scientific},
  Year                     = {1996},
  Edition                  = {1st},

  ISBN                     = {1886529108}
}

@MastersThesis{Billings95,
  Title                    = {Computer {P}oker},
  Author                   = {D. Billings},
  School                   = {University of Alberta},
  Year                     = {1995},
  Month                    = {August}
}

@InProceedings{Billings03,
  Title                    = {Approximating Game-Theoretic Optimal Strategies for Full-scale {P}oker},
  Author                   = {D. Billings and N. Burch and A. Davidson and R. Holte and J. Schaeffer and T. Schauenberg and D. Szafron},
  Booktitle                = {Proceedings of the 2003 International Joint Conference on Artificial Intelligence {IJCAI-2003}},
  Year                     = {2003}
}

@InProceedings{Billings04Game,
  Title                    = {Game tree search with adaptation in stochastic imperfect information games},
  Author                   = {D. Billings and A. Davidson and T. Schauenberg and N. Burch and M. Bowling and R. Holte and J. Schaeffer and D. Szafron},
  Booktitle                = {In Proceedings of Computers and Games (CG)},
  Year                     = {2004}
}

@InProceedings{Billings98,
  Title                    = {Opponent Modeling in {P}oker},
  Author                   = {D. Billings and D. Papp and J. Schaeffer and and D. Szafron},
  Booktitle                = {Proceedings of the Fifteenth National Conference of the American Association for Artificial Intelligence ({AAAI})},
  Year                     = {1998}
}

@InProceedings{Bjarnason09,
  Title                    = {Lower-Bounding Klondike Solitaire with {M}onte-{C}arlo Planning},
  Author                   = {R. Bjarnason and A. Fern and P. Tadepalli},
  Booktitle                = {International Conference on Automated Planning and Scheduling {ICAPS-2009}},
  Year                     = {2009}
}

@Article{Blackwell56,
  Title                    = {An analog of the minimax theorem for vector payoffs},
  Author                   = {D. Blackwell},
  Journal                  = {Pacific Journal of Mathematics},
  Year                     = {1956},
  Pages                    = {1--8},
  Volume                   = {6}
}

@Article{Bloembergen15Evolutionary,
  Title                    = {Evolutionary Dynamics of Multi-Agent Learning: A Survey"},
  Author                   = {D. Bloembergen and K. Tuyls and D. Hennes and M. Kaisers},
  Journal                  = {Journal of Artificial Intelligence Research (JAIR)},
  Year                     = {2015},
  Pages                    = {659--697},
  Volume                   = {53}
}

@InCollection{Blum07,
  Title                    = {Learning, Regret Minimization, and Equilibria},
  Author                   = {A. Blum and Y. Mansour},
  Booktitle                = {Algorithmic Game Theory},
  Publisher                = {Cambridge University Press},
  Year                     = {2007},
  Chapter                  = {4}
}

@InProceedings{bosansky2013-aamas,
  Title                    = {{Double-oracle Algorithm for Computing an Exact Nash Equilibrium in Zero-sum Extensive-form Games}},
  Author                   = {Branislav Bo\v{s}ansk\'{y} and Christopher Kiekintveld and Viliam Lis\'{y} and Jiri Cermak and Michal P\v{e}chou\v{c}ek},
  Booktitle                = {Proceedings of International Conference on Autonomous Agents and Multiagent Systems (AAMAS)},
  Year                     = {2013},
  Pages                    = {335--342},

  Owner                    = {bosansky},
  Timestamp                = {2013.01.02}
}

@InProceedings{Bosansky13Using,
  Title                    = {{Using Double-oracle Method and Serialized Alpha-Beta Search for Pruning in Simultaneous Moves Games}},
  Author                   = {Branislav Bo\v{s}ansk\'{y} and Viliam Lis\'{y} and Ji\v{r}\'{i} \v{C}erm\'{a}k and Roman V\'{i}tek and Michal P\v{e}chou\v{c}ek},
  Booktitle                = {Proceedings of the Twenty-Third International Joint Conference on Artificial Intelligence ({IJCAI})},
  Year                     = {2013},
  Pages                    = {48--54}
}

@InProceedings{Bowling05Convergence,
  Title                    = {Convergence and No-Regret in Multiagent Learning},
  Author                   = {M. Bowling},
  Booktitle                = {Advances in Neural Information Processing Systems 17 (NIPS)},
  Year                     = {2005},
  Pages                    = {209--216}
}

@InProceedings{Bowling01WoLF,
  Title                    = {Convergence of Gradient Dynamics with a Variable Learning Rate},
  Author                   = {M. Bowling and M. Veloso},
  Booktitle                = {Proceedings of the Eighteenth International Conference on Machine Learning (ICML)},
  Year                     = {2001},
  Pages                    = {27--34}
}

@InProceedings{vdbroek09MCTSPoker,
  Title                    = {Monte-Carlo tree search in poker using expected reward distributions},
  Author                   = {G. Van den Broeck and K. Driessens and J. Ramon},
  Booktitle                = {Proceedings of the first Asian Conference on Machine Learning (ACML)},
  Year                     = {2009},
  Pages                    = {367--381},
  Series                   = {LNCS},
  Volume                   = {5828}
}

@InProceedings{Brown51,
  Title                    = {Iterative Solutions of Games by Fictitious Play},
  Author                   = {G. W. Brown},
  Booktitle                = {Activity Analysis of Production and Allocation},
  Year                     = {1951},
  Editor                   = {T.C. Koopmans},
  Pages                    = {374--376},
  Publisher                = {John Wiley \& Sons, Inc.},

  Chapter                  = {24}
}

@Article{mctssurvey,
  Title                    = {A Survey of {M}onte {C}arlo Tree Search Methods},
  Author                   = {C.B. Browne and E. Powley and D. Whitehouse and S. M. Lucas and P. I. Cowling and P. Rohlfshagen and S. Tavener and D. Perez and S. Samothrakis and S. Colton},
  Journal                  = {{IEEE} Transactions on Computational Intelligence and {AI} in Games},
  Year                     = {2012},

  Month                    = {March},
  Number                   = {1},
  Pages                    = {1--43},
  Volume                   = {4}
}

@Article{Busoniu08Comprehensive,
  Title                    = {A Comprehensive Survey of Multi-Agent Reinforcement Learning},
  Author                   = {L. Bu\c{s}oniu and R. Babu\v{s}ka and B. De Schutter},
  Journal                  = {IEEE Transactions on Systems, Man, and Cybernetics, Part C: Applications and Reviews},
  Year                     = {2008},
  Number                   = {2},
  Pages                    = {156--172},
  Volume                   = {38}
}

@InCollection{buro2003,
  Title                    = {Solving the {O}shi-{Z}umo Game},
  Author                   = {M. Buro},
  Booktitle                = {Advances in Computer Games: Many Games, Many Challenges},
  Publisher                = {Springer US},
  Year                     = {2003},
  Pages                    = {361--366},
  Series                   = {IFIP---The International Federation for Information Processing},
  Volume                   = {135}
}

@Article{Logistello,
  Title                    = {The {O}thello Match of the Year: {T}akeshi {M}urakami vs. {L}ogistello},
  Author                   = {M. Buro},
  Journal                  = {International Computer Chess Association (ICCA)},
  Year                     = {1997},
  Number                   = {3},
  Pages                    = {189--193},
  Volume                   = {20}
}

@InProceedings{Buro09Improving,
  Title                    = {Improving state evaluation, inference, and search in trick-based card games},
  Author                   = {M. Buro and J.R. Long and T. Furtak and N. Sturtevant},
  Booktitle                = {Proceedings of the {AAAI} Conference on Artificial Intelligence},
  Year                     = {2009},
  Pages                    = {1407--1413}
}

@Article{Campbell02deepblue,
  Title                    = {{D}eep {B}lue},
  Author                   = {M. Campbell and A. J. Hoane and F. Hsu},
  Journal                  = {Artificial Intelligence},
  Year                     = {2002},
  Number                   = {1-2},
  Pages                    = {57--83},
  Volume                   = {134}
}

@InProceedings{Cazenave10Score,
  Title                    = {Score bounded {M}onte-{C}arlo tree search},
  Author                   = {Cazenave, Tristan and Saffidine, Abdallah},
  Booktitle                = {Proceedings of the 7th international conference on Computers and games (CG 2010)},
  Year                     = {2011},

  Address                  = {Berlin, Heidelberg},
  Pages                    = {93--104},
  Publisher                = {Springer-Verlag},
  Series                   = {LNCS},
  Volume                   = {6515}
}

@Book{PLG,
  Title                    = {Predition, Learning, and Games},
  Author                   = {N. Cesa-Biachi and G. Lugosi},
  Publisher                = {Cambridge University Press},
  Year                     = {2006}
}

@Article{chang2005,
  Title                    = {An Adaptive Sampling Algorithm for Solving {M}arkov {D}ecision {P}rocesses},
  Author                   = {H. S. Chang and M. C. Fu and J. Hu and S. I. Marcus},
  Journal                  = {Operations Research},
  Year                     = {2005},

  Month                    = {January},
  Number                   = {1},
  Pages                    = {126--139},
  Volume                   = {53},

  Keywords                 = {bandits, forward, greedy, mdps, search, upper-confidence-bound},
  Posted-at                = {2010-08-24 01:45:41},
  Priority                 = {0}
}

@InProceedings{Chaslot08MCTS,
  Title                    = {{M}onte-{C}arlo Tree Search: A New Framework for Game {AI}.},
  Author                   = {G. Chaslot and S. Bakkes and I. Szitaand P. Spronck},
  Booktitle                = {Proceedings of the Fourth Artificial Intelligence and Interactive Digital Entertainment Conference},
  Year                     = {2008},
  Editor                   = {{M}ichael {M}ateas and {C}hris {D}arken},
  Pages                    = {216-217},
  Publisher                = {{AAAI} {P}ress, {M}enlo {P}ark, {CA}.},

  Order                    = {083},
  Url                      = {http://sander.landofsand.com/publications/BNAIC2008demonstration.pdf}
}

@InProceedings{Chaslot08Monte,
  Title                    = {{M}onte-{C}arlo Tree Search: A New Framework for Game {AI}},
  Author                   = {G. Chaslot and S. Bakkes and I. Szita and P. Spronck},
  Booktitle                = {Proceedings of the Fourth Artificial Intelligence and Interactive Digital Entertainment Conference},
  Year                     = {2008},
  Editor                   = {{M}ichael {M}ateas and {C}hris {D}arken},
  Pages                    = {216-217},
  Publisher                = {{AAAI} {P}ress, {M}enlo {P}ark, {CA}.},

  Order                    = {083},
  Url                      = {http://sander.landofsand.com/publications/BNAIC2008demonstration.pdf}
}

@Article{ChaslotWHUB2008,
  Title                    = {Progressive strategies for {M}onte-{C}arlo Tree Search},
  Author                   = {G. Chaslot and M. H. M. Winands and H. J. van den Herik and J. Uiterwijk and B. Bouzy},
  Journal                  = {New Mathematics and Natural Computation},
  Year                     = {2008},
  Number                   = {3},
  Pages                    = {343--357},
  Volume                   = {4},

  Publisher                = {World Scientific Publishing Company}
}

@InProceedings{Churchill2012Fast,
  Title                    = {Fast heuristic search for {RTS} game combat scenarios},
  Author                   = {D. Churchill and A. Saffidine and M. Buro},
  Booktitle                = {8th AAAI Conference on Artificial Intelligence and Interactive Digital Entertainment ({AIIDE})},
  Year                     = {2012},
  Pages                    = {112--117}
}

@Article{Ciancarini10Kriegspiel,
  Title                    = {{M}onte {C}arlo tree search in {K}riegspiel},
  Author                   = {P. Ciancarini and G.P. Favini},
  Journal                  = {Artificial Intelligence},
  Year                     = {2010},
  Number                   = {11},
  Pages                    = {670--684},
  Volume                   = {174}
}

@InProceedings{Ciancarini09Kriegspiel,
  Title                    = {{M}onte {C}arlo Tree Search Techniques in the Game of {K}riegspiel},
  Author                   = {P. Ciancarini and G.P. Favini},
  Booktitle                = {Proceedings of the Twenty-First International Joint Conference in Artificial Intelligence ({IJCAI})},
  Year                     = {2009},
  Pages                    = {474--479}
}

@Misc{PokerMM1,
  Title                    = {The First Man vs. Machine {P}oker Championship},

  Author                   = {{AAAI} Computer {P}oker Organizing Committee},
  Note                     = {\url{http://webdocs.cs.ualberta.ca/~games/poker/man-machine/2007/}},
  Year                     = {2007}
}

@Misc{PokerAAAI06,
  Title                    = {The First Computer {P}oker Competition},

  Author                   = {{AAAI} Computer {P}oker Organizing Committee},
  Note                     = {\url{http://www.aaai.org/Conferences/AAAI/2006/aaai06poker.php}},
  Year                     = {2006},

  Institution              = {Twenty-First National Conference on Artificial Intelligence ({AAAI}-06)}
}

@Misc{PokerAAAI12,
  Title                    = {Annual Computer {P}oker Competition},

  Author                   = {Annual Computer {P}oker Competition Organizing Committee},
  Note                     = {\url{http://www.computerpokercompetition.org/}},
  Year                     = {2012},

  Institution              = {Twenty-Sixth Conference on Artificial Intelligence ({AAAI} 2012)}
}

@InProceedings{Coutoux11b,
  Title                    = {Continuous Upper Confidence Trees},
  Author                   = {A. Couetoux and J-B. Hoock and N. Sokolovska and O. Teytaud and N. Bonnard},
  Booktitle                = {{LION'11}: Proceedings of the 5th International Conference on Learning and Intelligent Optimization},
  Year                     = {2011},

  Address                  = {Italy},
  Month                    = Jan,

  Affiliation              = {Laboratoire de Recherche en Informatique - LRI , TAO - INRIA Saclay - Ile de France , Chercheur Ind{\'e}pendant},
  Audience                 = {international},
  Hal_id                   = {hal-00542673},
  Language                 = {English},
  Pdf                      = {http://hal.archives-ouvertes.fr/hal-00542673/PDF/c0mcts.pdf},
  Url                      = {http://hal.archives-ouvertes.fr/hal-00542673}
}

@Article{Coulom07,
  Title                    = {Computing {ELO} Ratings of Move Patterns in the game of {G}o},
  Author                   = {R. Coulom},
  Journal                  = {International Computer Games Association},
  Year                     = {2007},
  Number                   = {4},
  Pages                    = {198--208},
  Volume                   = {30}
}

@InProceedings{Coulom06,
  Title                    = {Efficient selectivity and backup operators in {M}onte-{C}arlo tree search},
  Author                   = {R. Coulom},
  Booktitle                = {Proceedings of the 5th International Conference on Computers and Games (CG'06)},
  Year                     = {2006},
  Pages                    = {72--83},
  Publisher                = {Springer Verlag Heidelberg},
  Series                   = {LNCS},
  Volume                   = {4630}
}

@Article{Cowling12MTG,
  Title                    = {Ensemble determinization in {M}onte {C}arlo Tree Search for the imperfect information card game Magic: The Gathering},
  Author                   = {P.I. Cowling and C.D. Ward and E.J. Powley},
  Journal                  = {IEEE Transactions on Computational Intelligence and AI in Games},
  Year                     = {2012},
  Number                   = {4},
  Pages                    = {241--257},
  Volume                   = {4}
}

@InCollection{Cowling13Video,
  Title                    = {Search in Real-Time Video Games},
  Author                   = {P.~I. Cowling and M. Buro and M. Bida and A. Botea and B. Bouzy and M.~V. Butz and P. Hingston and H. Mu{\~n}oz-Avila and D. Nau and M. Sipper},
  Booktitle                = {Artificial and Computational Intelligence in Games},
  Publisher                = {Schloss Dagstuhl--Leibniz-Zentrum fuer Informatik},
  Year                     = {2013},
  Pages                    = {1--19},
  Series                   = {Dagstuhl Follow-Ups},
  Volume                   = {6}
}

@Article{Cowling12ISMCTS,
  Title                    = {Information Set {M}onte {C}arlo Tree Search},
  Author                   = {P. I. Cowling and E. J. Powley and D. Whitehouse},
  Journal                  = {{IEEE} Transactions on Computational Intelligence and {AI} in Games},
  Year                     = {2012},

  Month                    = {December},
  Number                   = {2},
  Pages                    = {120--143},
  Volume                   = {4}
}

@Book{Cressman03,
  Title                    = {Evolutionary Dynamics and Extensive Form Games},
  Author                   = {R. Cressman},
  Publisher                = {Massachusetts Institute of Technology (MIT) Press},
  Year                     = {2003}
}

@Article{Culberson98Pattern,
  Title                    = {Pattern Databases},
  Author                   = {J. C. Culberson and J. Schaeffer},
  Journal                  = {Computational Intelligence},
  Year                     = {1998},
  Number                   = {3},
  Pages                    = {318--334},
  Volume                   = {14}
}

@InProceedings{DenTeuling12Tron,
  Title                    = {{M}onte-{C}arlo {T}ree {S}earch for the Simultaneous Move Game {Tron}},
  Author                   = {N.~G.~P. {Den Teuling} and M.~H.~M. Winands},
  Booktitle                = {Proceedings of Computer Games Workshop (ECAI)},
  Year                     = {2012},
  Pages                    = {126--141}
}

@InProceedings{Dudik09,
  Title                    = {A Sampling-Based Approach to Computing Equilibria in Succinct Extensive-Form Games},
  Author                   = {M. Dud\'{i}k and G. J. Gordon},
  Booktitle                = {Proceedings of the 25th Conference on Uncertainty in Artificial Intelligence ({UAI}-2009)},
  Year                     = {2009}
}

@Article{Dudik07,
  Title                    = {Maximum Entropy Density Estimation with Generalized Regularization and an Application to Species Distribution Modeling},
  Author                   = {M. Dud\'{i}k and S. J. Phillips and R. E. Schapire},
  Journal                  = {Journal of Machine Learning Research},
  Pages                    = {1217--1260},
  Volume                   = {8}
}

@Article{Echhard87Stan,
  Title                    = {Stan {U}lam, {J}ohn von {N}eumann and the {M}onte {C}arlo method},
  Author                   = {R. Eckhard},
  Journal                  = {Los Alamos Science},
  Year                     = {1987},
  Pages                    = {131--136},
  Volume                   = {15}
}

@MastersThesis{Esser12thesis,
  Title                    = {Best-Reply Search in Multi-Player Chess},
  Author                   = {M. Esser},
  School                   = {Maastricht University},
  Year                     = {2008},
  Month                    = July
}

@PhdThesis{Finnsson12,
  Title                    = {Simulation-Based General Game Playing},
  Author                   = {Hilmar Finnsson},
  School                   = {Reykjav\'{i}k University},
  Year                     = {2012}
}

@MastersThesis{Cadiaplayer,
  Title                    = {Cadia-player: A general game playing agent},
  Author                   = {Finnsson, Hilmar},
  School                   = {Reykjav\'{i}k University},
  Year                     = {2007}
}

@InProceedings{Finnsson08,
  Title                    = {Simulation-based Approach to General Game-Playing},
  Author                   = {H. Finnsson and Y. Bj\"{o}rnsson},
  Booktitle                = {The Twenty-Third {AAAI} Conference on Artificial Intelligence},
  Year                     = {2008},
  Pages                    = {259--264},
  Publisher                = {{AAAI} Press}
}

@InProceedings{Frank98Finding,
  Title                    = {Finding Optimal Strategies for Imperfect Information Games},
  Author                   = {Ian Frank and David Basin and Hitoshi Matsubara},
  Booktitle                = {Proceedings of the Fifteenth National Conference on Artificial Intelligence},
  Year                     = {1998},
  Pages                    = {500--507}
}

@InProceedings{Freund95,
  Title                    = {A Decision-Theoretic Generalization of On-Line Learning and an Application to Boosting},
  Author                   = {Y. Freund and R. E. Shapire},
  Booktitle                = {Computational Learning Theory: Second European Conference (EuroCOLT'95)},
  Year                     = {1995},
  Pages                    = {23--37},
  Publisher                = {Springer-Verlag}
}

@Book{Fudenberg98,
  Title                    = {The Theory of Learning in Games},
  Author                   = {D. Fudenberg and D.K. Levine},
  Publisher                = {Massachusetts Institute of Technology (MIT) Press},
  Year                     = {1998}
}

@InProceedings{Furtak13Recursive,
  Title                    = {Recursive {M}onte {C}arlo Search for Imperfect Information Games},
  Author                   = {T. Furtak and M. Buro},
  Booktitle                = {{IEEE} Conference on Computational Intelligence in Games ({CIG} 2013)},
  Year                     = {2013}
}

@Article{NMM,
  Title                    = {Solving {N}ine {M}en's {M}orris},
  Author                   = {R. Gasser},
  Journal                  = {Computational Intelligence},
  Year                     = {1996},
  Pages                    = {24--41},
  Volume                   = {12}
}

@Article{Gelly12,
  Title                    = {The Grand Challenge of Computer {G}o: {M}onte {C}arlo Tree Search and Extensions},
  Author                   = {S. Gelly and L. Kocsis and M. Schoenauer and M. Sebag and D. Silver and C. Szepesv\'{a}ri and O. Teytaud},
  Journal                  = {Communications of the {ACM}},
  Year                     = {2012},

  Month                    = {March},
  Number                   = {3},
  Pages                    = {106--113},
  Volume                   = {55}
}

@Article{Gelly2011,
  Title                    = {{M}onte-{C}arlo tree search and rapid action value estimation in computer {G}o},
  Author                   = {Sylvain Gelly and David Silver},
  Journal                  = {Artificial Intelligence},
  Year                     = {2011},
  Number                   = {11},
  Pages                    = {1856--1875},
  Volume                   = {175}
}

@InProceedings{Gelly07Combining,
  Title                    = {Combining Online and Offline Learning in {UCT}},
  Author                   = {S. Gelly and D. Silver},
  Booktitle                = {Proceedings of the 24th International Conference on Machine Learning},
  Year                     = {2007},
  Pages                    = {273--280}
}

@InProceedings{Gelly06,
  Title                    = {Exploration exploitation in {G}o: {UCT} for {M}onte-{C}arlo {G}o},
  Author                   = {S. Gelly and Y. Wang},
  Booktitle                = {NIPS 2006 Workshop on Online Trading Between Exploration and Exploitation},
  Year                     = {2006}
}

@Article{GGP,
  Title                    = {General Game-Playing: Overview of the {AAAI} Competition},
  Author                   = {M. Genesereth and N. Love and B. Pell},
  Journal                  = {AI Magazine},
  Year                     = {2005},
  Pages                    = {73--84},
  Volume                   = {26}
}

@InProceedings{Gibson12AS,
  Title                    = {Efficient {M}onte {C}arlo Counterfactual Regret Minimization in Games with Many Player Actions},
  Author                   = {Richard Gibson and Neil Burch and Marc Lanctot and Duane Szafron},
  Booktitle                = {Advances in Neural Information Processing Systems 25},
  Year                     = {2012},
  Note                     = {To appear}
}

@InProceedings{Gibson12probing,
  Title                    = {Generalized Sampling and Variance in Counterfactual Regret Minimization},
  Author                   = {R. Gibson and M. Lanctot and N. Burch and D. Szafron and M. Bowling},
  Booktitle                = {Proceedings of the Twenty-Sixth Conference on Artificial Intelligence (AAAI-12)},
  Year                     = {2012},
  Pages                    = {1355--1361},

  Acceptnumbers            = {294 of 1129},
  Acceptrate               = {26\%}
}

@PhdThesis{Gilpin09,
  Title                    = {Algorithms for Abstracting and Solving Imperfect Information Games},
  Author                   = {A. Gilpin},
  School                   = {Carnegie Mellon University},
  Year                     = {2009}
}

@InProceedings{EGT,
  Title                    = {Gradient-based Algorithms for Finding Nash Equilibria in Extensive Form Games},
  Author                   = {A. Gilpin and S. Hoda and J. {Pe\~na} and T. Sandholm},
  Booktitle                = {3rd International Workshop on Internet and Network Economics ({WINE}'07)},
  Year                     = {2007}
}

@Article{Ginsberg01,
  Title                    = {{GIB}: Imperfect Information in a Computationally Challenging Game},
  Author                   = {M. Ginsberg},
  Journal                  = {Journal of Artificial Intelligence Research},
  Year                     = {2001},
  Pages                    = {303--358},
  Volume                   = {14}
}

@InProceedings{Ginsberg96Partition,
  Title                    = {Partition Search},
  Author                   = {M. Ginsberg},
  Booktitle                = {Proceedings of the Thirteenth National Conference on Artitificial Intelligence ({AAAI})},
  Year                     = {1996},
  Pages                    = {228--233}
}

@Book{Gintis09,
  Title                    = {Game Theory Evolving},
  Author                   = {H. Gintis},
  Publisher                = {Princeton University Press},
  Year                     = {2009},
  Edition                  = {2nd}
}

@Book{Gintis00,
  Title                    = {Game Theory Evolving},
  Author                   = {H. Gintis},
  Publisher                = {Princeton University Press},
  Year                     = {2000}
}

@Misc{OneCardPoker,
  Title                    = {One Card {P}oker},

  Author                   = {G. Gordon},
  Note                     = {\url{http://www.cs.cmu.edu/~ggordon/poker/}}
}

@InProceedings{Gordon06No,
  Title                    = {No-regret Algorithms for Online Convex Programs},
  Author                   = {G. Gordon},
  Booktitle                = {Proceedings of the Twentieth Annual Conference on Neural Information Processing Systems ({NIPS}-2006)},
  Year                     = {2006},
  Pages                    = {489--496}
}

@TechReport{OCP,
  Title                    = {No-regret Algorithms for Structured Prediction Problems},
  Author                   = {G. J. Gordon},
  Institution              = {Carnegie Mellon University},
  Year                     = {2005},
  Number                   = {CMU-CALD-05-112}
}

@MastersThesis{Gras12thesis,
  Title                    = {Multi-Player Search in the Game of Billabong},
  Author                   = {M. Gras},
  School                   = {Maastricht University},
  Year                     = {2008},
  Month                    = July
}

@InProceedings{Greenwald05,
  Title                    = {Bounds for Regret-Matching Algorithms},
  Author                   = {A. Greenwald and Z. Li and C. Marks},
  Booktitle                = {Proceedings of the Ninth International Symposium on Artificial Intelligence and Mathematics},
  Year                     = {2005}
}

@Misc{PokerMM2,
  Title                    = {The Second Man vs. Machine {P}oker Championship},

  Author                   = {Computer {P}oker Research Group},
  Note                     = {\url{http://webdocs.cs.ualberta.ca/~games/poker/man-machine/}},
  Year                     = {2008}
}

@InProceedings{Hansen08On,
  Title                    = {On Range of Skill},
  Author                   = {T. D. Hansen and P. B. Miltersen and T. B. S\o{}rensen},
  Booktitle                = {Proceedings of the Twenty-Eighth Conference on Artificial Intelligence ({AAAI}-08)},
  Year                     = {2008},
  Pages                    = {277--282}
}

@Article{Hart00,
  Title                    = {A Simple Adaptive Procedure Leading to Correlated Equilibrium},
  Author                   = {S. Hart and A. Mas-Colell},
  Journal                  = {Econometrica},
  Year                     = {2000},
  Number                   = {5},
  Pages                    = {1127--1150},
  Volume                   = {68}
}

@InProceedings{Hauk04rediscovering,
  Title                    = {Rediscovering *-Minimax search},
  Author                   = {T. Hauk and M. Buro and J. Schaeffer},
  Booktitle                = {Proceedings of the 4th international conference on Computers and Games},
  Year                     = {2006},

  Address                  = {Berlin, Heidelberg},
  Pages                    = {35--50},
  Publisher                = {Springer-Verlag},
  Series                   = {CG'04},

  Acmid                    = {2179920},
  Doi                      = {10.1007/11674399_3},
  ISBN                     = {3-540-32488-7, 978-3-540-32488-1},
  Location                 = {Ramat-Gan, Israel},
  Numpages                 = {16},
  Url                      = {http://dx.doi.org/10.1007/11674399_3}
}

@MastersThesis{heyden09,
  Title                    = {Implementing a Computer Player for {C}arcassonnne},
  Author                   = {C. Heyden},
  School                   = {Department of Knowledge Engineering, Maastricht University},
  Year                     = {2009}
}

@Article{EGT-OO,
  Title                    = {A gradient-based approach for computing {N}ash equilibria of large sequential games},
  Author                   = {S. Hoda and A. Gilpin and J. Pe\~{n}a},
  Journal                  = {Optimization Online},
  Year                     = {2007},

  Month                    = {July},
  Note                     = {\url{http://www.optimization-online.org/DB\_HTML/2007/07/1719.html}}
}

@Article{hoeffding1963,
  Title                    = {Probability Inequalities for Sums of Bounded Random Variables},
  Author                   = {W. Hoeffding},
  Journal                  = {Journal of the American Statistical Association},
  Year                     = {1963},
  Number                   = {301},
  Pages                    = {13--30},
  Volume                   = {58},

  Language                 = {English},
  Publisher                = {American Statistical Association}
}

@Book{DeepBlue,
  Title                    = {Behind Deep Blue: Building the Computer that Defeated the World {C}hess Championship},
  Author                   = {F. Hsu},
  Publisher                = {Princeton University Press},
  Year                     = {2006}
}

@Book{Isaacs65,
  Title                    = {Differential Games: A Mathematical Theory with Applications to Warfare and Pursuit, Control and Optimization},
  Author                   = {R. Isaacs},
  Publisher                = {John Wiley \& Sons},
  Year                     = {1965}
}

@InProceedings{Jackson12slumbot,
  Title                    = {Slumbot: An Implementation Of Counterfactual Regret Minimization On Commodity Hardware},
  Author                   = {E. Jackson},
  Booktitle                = {Proceedings of {AAAI} 2012 Poker Symposium},
  Year                     = {2012}
}

@MastersThesis{Johanson07Msc,
  Title                    = {Robust Strategies and Counter-Strategies: Building a Champion Level Computer {P}oker Player},
  Author                   = {M. Johanson},
  School                   = {University of Alberta},
  Year                     = {2007}
}

@InProceedings{Johanson12CFRBR,
  Title                    = {Finding Optimal Abstract Strategies in Extensive Form Games},
  Author                   = {Michael Johanson and Nolan Bard and Neil Burch and Michael Bowling},
  Booktitle                = {Proceedings of the Twenty-Sixth Conference on Artificial Intelligence (AAAI)},
  Year                     = {2012}
}

@InProceedings{12aamas-pcs,
  Title                    = {Efficient {N}ash Equilibrium Approximation through {M}onte {C}arlo Counterfactual Regret Minimization},
  Author                   = {M. Johanson and N. Bard and M. Lanctot and R. Gibson and M. Bowling},
  Booktitle                = {Proceedings of the Eleventh International Conference on Autonomous Agents and Multi-Agent Systems ({AAMAS})},
  Year                     = {2012},

  Acceptnumbers            = {137 of 671},
  Acceptrate               = {20\%}
}

@InProceedings{09aistats,
  Title                    = {Data Biased Robust Counter Strategies},
  Author                   = {M. Johanson and M. Bowling},
  Booktitle                = {Proceedings of the Twelfth International Conference on Artificial Intelligence and Statistics (AISTATS)},
  Year                     = {2009},
  Pages                    = {264--271},

  Acceptnumbers            = {63 of 210},
  Acceptrate               = {30\%}
}

@InProceedings{Johanson13Evaluating,
  Title                    = {Evaluating State-Space Abstractions in Extensive-Form Games},
  Author                   = {M. Johanson and N. Burch and R. Valenzano and M. Bowling},
  Booktitle                = {Proceedings of the Twelfth International Conference on Autonomous Agents and Multi-Agent Systems (AAMAS)},
  Year                     = {2013}
}

@Misc{JohGib12,
  Title                    = {Personal Communication},

  Author                   = {Michael Johanson and Richard Gibson},
  Year                     = {2012}
}

@InProceedings{RGBR,
  Title                    = {Accelerating Best Response Calculation in Large Extensive Games},
  Author                   = {M. Johanson and K. Waugh and M. Bowling and M. Zinkevich},
  Booktitle                = {Proceedings of the Twenty-Second International Joint Conference on Artificial Intelligence ({IJCAI})},
  Year                     = {2011}
}

@InProceedings{07nips-rnash,
  Title                    = {Computing Robust Counter-Strategies},
  Author                   = {M. Johanson and M. Zinkevich and M. Bowling},
  Booktitle                = {Advances in Neural Information Processing Systems 20 (NIPS)},
  Year                     = {2008},
  Note                     = {A longer version is available as a University of Alberta Technical Report, TR07-15},
  Pages                    = {1128--1135},

  Acceptnumbers            = {217 of 975},
  Acceptrate               = {22\%}
}

@PhdThesis{Kaiser07,
  Title                    = {The Structure of Games},
  Author                   = {D. M. Kaiser},
  School                   = {Florida International University},
  Year                     = {2007}
}

@Article{KanekoKline95,
  Title                    = {Behavior Strategies, Mixed Strategies and Perfect Recall},
  Author                   = {M. Kaneko and J. J. Kline},
  Journal                  = {International Journal of Game Theory},
  Year                     = {1995},
  Pages                    = {127--145},
  Volume                   = {4}
}

@Article{Karmarkar84,
  Title                    = {A New Polynomial Time Algorithm for Linear Programming},
  Author                   = {N. Karmarkar},
  Journal                  = {Combinatorica},
  Year                     = {1984},
  Number                   = {4},
  Pages                    = {373--395},
  Volume                   = {4}
}

@InProceedings{kearns99,
  Title                    = {A sparse sampling algorithm for near-optimal planning in large {M}arkov {D}ecision {P}rocesses},
  Author                   = {M. J. Kearns and Y. Mansour and A. Y. Ng},
  Booktitle                = {International Joint Conference on Artificial Intelligence (IJCAI)},
  Year                     = {1999},
  Pages                    = {1324-1331}
}

@InProceedings{Kendall01,
  Title                    = {An Investigation of an Adaptive {P}oker Player},
  Author                   = {G. Kendall and M. Willdig},
  Booktitle                = {Proceedings of 14th Australian Joint Conference on Artificial Intelligence},
  Year                     = {2001}
}

@Article{Keuter1997,
  Title                    = {ERMES-auction in Germany. First simultaneous multiple-round auction in the European telecommunications market },
  Author                   = {Alfons Keuter and Lorenz Nett},
  Journal                  = {Telecommunications Policy },
  Year                     = {1997},
  Number                   = {4},
  Pages                    = {297 - 307},
  Volume                   = {21},

  ISSN                     = {0308-5961}
}

@Book{Knizia10,
  Title                    = {Dice Games Properly Explained},
  Author                   = {R. Knizia},
  Publisher                = {Blue Terrier Press},
  Year                     = {2010}
}

@InProceedings{UCT,
  Title                    = {Bandit-based {M}onte {C}arlo Planning},
  Author                   = {L. Kocsis and C. Szepesv\'{a}ri},
  Booktitle                = {15th European Conference on Machine Learning},
  Year                     = {2006},
  Pages                    = {282--293},
  Series                   = {LNCS},
  Volume                   = {4212}
}

@Article{Koller92the,
  Title                    = {The Complexity of Two-Person Zero-Sum Games in Extensive Form},
  Author                   = {D. Koller and N. Megiddo},
  Journal                  = {Games and Economic Behavior},
  Year                     = {1992},
  Pages                    = {528--552},
  Volume                   = {4}
}

@Article{Koller1996,
  Title                    = {Efficient Computation of Equilibria for Extensive Two-Person Games},
  Author                   = {D. Koller and N. Megiddo and B. {von Stengel}},
  Journal                  = {Games and Economic Behavior},
  Year                     = {1996},
  Number                   = {2},
  Pages                    = {247--259},
  Volume                   = {14},

  Owner                    = {bosansky},
  Timestamp                = {2012.03.06}
}

@InProceedings{SequenceFormLPs,
  Title                    = {Fast Algorithms for Finding Randomized Strategies in Game Trees},
  Author                   = {D. Koller and N. Megiddo and B. {von Stengel}},
  Booktitle                = {Proceedings of the 26th ACM Symposium on Theory of Computing ({STOC} '94)},
  Year                     = {1994},
  Pages                    = {750--759}
}

@Article{Koller97,
  Title                    = {Representations and Solutions for Game-Theoretic Problems},
  Author                   = {D. Koller and A. Pfeffer},
  Journal                  = {Artificial Intelligence},
  Year                     = {1997},
  Pages                    = {167--215},
  Volume                   = {94}
}

@Article{kovarsky2005heuristic,
  Title                    = {Heuristic search applied to abstract combat games},
  Author                   = {Kovarsky, A. and Buro, M.},
  Journal                  = {Advances in Artificial Intelligence},
  Year                     = {2005},
  Pages                    = {55--77},

  Owner                    = {kail},
  Publisher                = {Springer},
  Timestamp                = {2014.07.09}
}

@Book{Combinatorial98,
  Title                    = {Combinatorial Algorithms},
  Author                   = {D.L. Kreher and D.R. Stinson},
  Publisher                = {CRC Press},
  Year                     = {1998}
}

@Article{Kuhn53,
  Title                    = {Extensive Games and the Problem of Information},
  Author                   = {H. W. Kuhn},
  Journal                  = {Contributions to the Theory of Games},
  Year                     = {1953},
  Pages                    = {193--216},
  Volume                   = {2},

  Booktitle                = {Annals of Mathematical Studies},
  Editor                   = {H. W. Kuhn and A. W. Tucker},
  Publisher                = {Princeton University Press}
}

@Article{Kuhn50,
  Title                    = {Simplified Two-Person {P}oker},
  Author                   = {H. W. Kuhn},
  Journal                  = {Contributions to the Theory of Games},
  Year                     = {1950},
  Pages                    = {97--103},
  Volume                   = {1},

  Editor                   = {H. W. Kuhn and A. W. Tucker},
  Publisher                = {Princeton University Press}
}

@MastersThesis{Castillo99,
  Title                    = {Probabilities and Simulations in {P}oker},
  Author                   = {M. de L. P. Castillo},
  Year                     = {1999},
  Month                    = {September},

  Institution              = {University of Alberta}
}

@InProceedings{Lagoudakis02,
  Title                    = {Value Function Approximation in Zero-sum Markov Games},
  Author                   = {M.~G. Lagoudakis and R. Parr},
  Booktitle                = {Proceedings of the Eighteenth Conference on Uncertainty in Artificial Intelligence (UAI)},
  Year                     = {2002},
  Pages                    = {283--292}
}

@PhdThesis{lanctot13phdthesis,
  Title                    = {{M}onte {C}arlo Sampling and Regret Minimization for Equilibrium Computation and Decision-Making in Large Extensive Form Games},
  Author                   = {Marc Lanctot},
  School                   = {Department of Computing Science, University of Alberta},
  Year                     = {2013},

  Address                  = {Edmonton, Alberta, Canada},
  Month                    = {June}
}

@InProceedings{Lanctot12IR,
  Title                    = {No-Regret Learning in Extensive-Form Games with Imperfect Recall},
  Author                   = {M. Lanctot and R. Gibson and N. Burch and M. Bowling},
  Booktitle                = {Proceedings of the Twenty-Ninth International Conference on Machine Learning ({ICML} 2012)},
  Year                     = {2012},

  Acceptnumbers            = {243 of 890},
  Acceptrate               = {27.3\%}
}

@Article{Lanctot12IR-TR,
  Title                    = {No-Regret Learning in Extensive-Form Games with Imperfect Recall},
  Author                   = {M. Lanctot and R. Gibson and N. Burch and M. Zinkevich and M. H. Bowling},
  Journal                  = {CoRR},
  Year                     = {2012},
  Volume                   = {abs/1205.0622},

  Bibsource                = {DBLP, http://dblp.uni-trier.de},
  Ee                       = {http://arxiv.org/abs/1205.0622}
}

@Article{Kovarik2015Analysis,
  Title                    = {Analysis of {H}annan Consistent Selection for {M}onte {C}arlo Tree Search in Simultaneous Move Games},
  Author                   = {V. Kova\v{r}\'{i}k and V. Lis\'{y}},
  Journal                  = {CoRR},
  Year                     = {2015},
  Volume                   = {abs/1509.00149},

  Ee                       = {http://arxiv.org/abs/1509.00149}
}

@InProceedings{Lanctot13Goofspiel,
  Title                    = {Monte {C}arlo Tree Search in Simultaneous Move Games with Applications to {G}oofspiel},
  Author                   = {M. Lanctot and V. Lis\'{y} and M.~H.~M. Winands},
  Booktitle                = {Computer Games Workshop at IJCAI 2013},
  Year                     = {2014},
  Pages                    = {28--43},
  Publisher                = {Springer},
  Series                   = {Communications in Computer and Information Science (CCIS)},
  Volume                   = {408}
}

@InProceedings{Lanctot12-MCMSCGW,
  Title                    = {Sparse Sampling for Adversarial Games},
  Author                   = {M. Lanctot and A. Saffidine and J. Veness and C. Archibald},
  Booktitle                = {Proceedings of the {ECAI} Computer Games Workshop},
  Year                     = {2012},
  Pages                    = {37--49}
}

@InProceedings{Lanctot13MCMS,
  Title                    = {{M}onte {C}arlo *-Minimax Search},
  Author                   = {Marc Lanctot and Abdallah Saffidine and Joel Veness and Chris Archibald and Mark H.M. Winands},
  Booktitle                = {Proceedings of the Twenty-Third International Joint Conference on Artificial Intelligence ({IJCAI})},
  Year                     = {2013},
  Pages                    = {580--586}
}

@InProceedings{Lanctot09Sampling,
  Title                    = {Sampling for Regret Minimization in Extensive Games},
  Author                   = {M. Lanctot and K. Waugh and M. Bowling and M. Zinkevich},
  Booktitle                = {Advances in Neural Information Processing Systems (NIPS 2009)},
  Year                     = {2009},
  Pages                    = {1078--1086}
}

@TechReport{MCCFR-TR,
  Title                    = {{M}onte {C}arlo Sampling for Regret Minimization in Extensive Games},
  Author                   = {M. Lanctot and K. Waugh and M. Zinkevich and M. Bowling},
  Institution              = {University of Alberta},
  Year                     = {2009},
  Note                     = {\url{http://www.cs.ualberta.ca/research/techreports/2009/TR09-15.php}},
  Number                   = {TR09-15}
}

@InProceedings{Lanctot14Implicit,
  Title                    = {{M}onte {C}arlo Tree Search with Heuristic Evaluations using Implicit Minimax Backups},
  Author                   = {M. Lanctot and M.~H.~M. Winands and T. Pepels and N.~R. Sturtevant},
  Booktitle                = {Proceedings of the IEEE Conference on Computational Intelligence and Games ({CIG})},
  Year                     = {2014},
  Pages                    = {341--348}
}

@InProceedings{Lanctot13Tron,
  Title                    = {{M}onte {C}arlo Tree Search for Simultaneous Move Games: A Case Study in the Game of {T}ron},
  Author                   = {M. Lanctot and C. Wittlinger and M.~H.~M. Winands and N.~G.~P. {Den Teuling}},
  Booktitle                = {Proceedings of the Twenty-Fifth Benelux Conference on Artificial Intelligence ({BNAIC})},
  Year                     = {2013},
  Pages                    = {104--111}
}

@Book{Levy89Heuristic,
  Title                    = {Heuristic Programming in Artificial Intelligence: The First Computer Olympiad},
  Author                   = {D.N.L. Levy},
  Editor                   = {D.N.L Levy and D.F. Beal},
  Publisher                = {Ellis Horwood Ltd.},
  Year                     = {1989}
}

@InProceedings{lisy2009gbgts,
  Title                    = {Adversarial search with procedural knowledge heuristic},
  Author                   = {Viliam Lis\'{y} and Branislav Bo\v{s}ansk\'{y} and Michal Jakob and Michal P\v{e}chou\v{c}ek},
  Booktitle                = {Proceedings of The 8th International Conference on Autonomous Agents and Multiagent Systems (AAMAS)},
  Year                     = {2009},
  Pages                    = {899--906}
}

@InProceedings{lisy2013-nips,
  Title                    = {Convergence of {M}onte {C}arlo Tree Search in Simultaneous Move Games},
  Author                   = {V. Lis\'{y} and V. Kova\v{r}\'{i}k and M. Lanctot and B. Bo\v{s}ansk\'{y}},
  Booktitle                = {Advances in Neural Information Processing Systems (NIPS)},
  Year                     = {2013},
  Pages                    = {2112--2120},
  Volume                   = {26},

  Owner                    = {kail},
  Timestamp                = {2014.01.11}
}

@InProceedings{15aamas-iioos,
  Title                    = {Online {M}onte {C}arlo Counterfactual Regret Minimization for Search in Imperfect Information Games},
  Author                   = {V. Lis\'{y} and M. Lanctot and M. Bowling},
  Booktitle                = {Proceedings of the Fourteenth International Conference on Autonomous Agents and Multi-Agent Systems ({AAMAS})},
  Year                     = {2015},
  Pages                    = {27--36}
}

@InProceedings{lisy2012ecai,
  Title                    = {Game-theoretic Approach to Adversarial Plan Recognition},
  Author                   = {Viliam Lis\'{y} and Radek P\'{i}bil and Jan Stiborek and Branislav Bo\v{s}ansk\'{y} and Michal P\v{e}chou\v{c}ek},
  Booktitle                = {ECAI 2012 - 20th European Conference on Artificial Intelligence},
  Year                     = {2012},
  Editor                   = {Luc De Raedt et al.},
  Pages                    = {546-551},
  Publisher                = {IOS Press},
  Series                   = {Frontiers in Artificial Intelligence and Applications},
  Volume                   = {242}
}

@InProceedings{Lisy12peg,
  Title                    = {Anytime algorithms for multi-agent visibility-based pursuit-evasion games},
  Author                   = {V. Lisy and B. Bosansky and M. Pechoucek},
  Booktitle                = {Proceedings of the 11th International Conference on Autonomous Agents and Multiagent Systems ({AAMAS})},
  Year                     = {2012},
  Pages                    = {1301--1302}
}

@Article{Littman01Value,
  Title                    = {Value-function reinforcement learning in {M}arkov games},
  Author                   = {M.~L. Littman},
  Journal                  = {Journal of Cognitive Systems Research},
  Year                     = {2001},
  Number                   = {1},
  Pages                    = {55--66},
  Volume                   = {2}
}

@InProceedings{Littman94markovgames,
  Title                    = {Markov Games as a Framework for Multi-Agent Reinforcement Learning},
  Author                   = {M.~L. Littman},
  Booktitle                = {In Proceedings of the Eleventh International Conference on Machine Learning},
  Year                     = {1994},
  Pages                    = {157--163}
}

@InProceedings{Littman96ageneralized,
  Title                    = {A Generalized Reinforcement-Learning Model: Convergence and Applications},
  Author                   = {M.~L. Littman and C. Szepesv\'{a}ri},
  Booktitle                = {In Proceedings of the 13th International Conference on Machine Learning},
  Year                     = {1996},
  Pages                    = {310--318}
}

@PhdThesis{Long11,
  Title                    = {Combining Search and Inference to Play World-Caliber Skat},
  Author                   = {J. Long},
  School                   = {University of Alberta},
  Year                     = {2011}
}

@InProceedings{Long10Understanding,
  Title                    = {Understanding the Success of Perfect Information {M}onte {C}arlo Sampling in Game Tree Search},
  Author                   = {J. Long and N. R. Sturtevant and M. Buro and T. Furtak},
  Booktitle                = {Proceedings of the {AAAI} Conference on Artificial Intelligence},
  Year                     = {2010},
  Pages                    = {134--140}
}

@InCollection{Lorentz08Amazons,
  Title                    = {Amazons Discover {M}onte-{C}arlo},
  Author                   = {Richard Lorentz},
  Booktitle                = {Proceedings of the 6th International Conference on Computers and Games (CG)},
  Year                     = {2008},
  Pages                    = {13--24},
  Series                   = {LNCS},
  Volume                   = {5131}
}

@InCollection{Lorentz13Breakthrough,
  Title                    = {Programming {B}reakthrough},
  Author                   = {R. Lorentz and T. Horey},
  Booktitle                = {Proceedings of the 8th International Conference on Computers and Games (CG 2013)},
  Year                     = {2013},
  Pages                    = {49--59},
  Series                   = {LNCS},
  Volume                   = {8427}
}

@InProceedings{Lorentz11An,
  Title                    = {An {MCTS} Program to Play {E}inStein {W}\"{u}rfelt {N}icht!},
  Author                   = {R. J. Lorentz},
  Booktitle                = {Proceedings of the 12th International Conference on Advances in Computer Games},
  Year                     = {2011}
}

@InProceedings{Lorenz06,
  Title                    = {Player Modeling, Search Algorithms and Strategies in Multi-Player Games},
  Author                   = {Lorenz, U. and Tscheuschner, T.},
  Booktitle                = {Proceedings of the 11th international conference on Advances in Computer Games},
  Year                     = {2006},

  Address                  = {Berlin, Heidelberg},
  Editor                   = {H. J. van den Herik and S. Hsu and T. Hsu and H. H. L. M. Donkers},
  Pages                    = {210--224},
  Publisher                = {Springer-Verlag},
  Series                   = {ACG'05},
  Volume                   = {4250},

  ISBN                     = {3-540-48887-1, 978-3-540-48887-3},
  Location                 = {Taipei, Taiwan}
}

@TechReport{GDL08,
  Title                    = {General Game Playing: Game Description Language Specification},
  Author                   = {N. Love and T. Hinrichs and D. Haley and E. Schkufza and M. Geneserth},
  Institution              = {Stanford University},
  Year                     = {2008},
  Number                   = {LG-2006-01}
}

@InProceedings{Luckhart86An,
  Title                    = {An Algorithmic Solution of N-Person Games},
  Author                   = {C. A. Luckhart and K. B. Irani},
  Booktitle                = {AAAI'86},
  Year                     = {1986},
  Pages                    = {158-162}
}

@Misc{PokerAcadMM1,
  Title                    = {The First Man vs. Machine {P}oker Championship},

  Author                   = {{AAAI} Man vs. Machine {P}oker Organizing Committee},
  Note                     = {\url{http://www.poker-academy.com/man-machine/results.php}},
  Year                     = {2007},

  Institution              = {Twenty-Second Conference on Artificial Intelligence ({AAAI}-07)}
}

@InProceedings{Marsland83,
  Title                    = {Relative Efficiency of alpha-beta implementations},
  Author                   = {T.A. Marsland},
  Booktitle                = {Proceedings of the 8th International Joint Conference on Artificial Intelligence},
  Year                     = {1983},
  Pages                    = {763--766},
  Volume                   = {2}
}

@InProceedings{Marsland81,
  Title                    = {A Survey of Enhancements to the Alpha-beta Algorithm},
  Author                   = {Marsland, T. A. and Campbell, M.},
  Booktitle                = {Proceedings of the ACM '81 Conference},
  Year                     = {1981},
  Pages                    = {109--114}
}

@Misc{Gambit,
  Title                    = {Gambit: Software Tools for Game Theory},

  Author                   = {R. McKelvey and A. McLennan and T. Turocy},
  Note                     = {http://www.gambit-project.org},
  Year                     = {2007}
}

@InProceedings{McMahan03Planning,
  Title                    = {Planning in the Presence of Cost Functions Controlled by an Adversary},
  Author                   = {H. McMahan and G. Gordon and A. Blum},
  Booktitle                = {Proceedings of the Twentieth International Conference on Machine Learning ({ICML}-2003)},
  Year                     = {2003},
  Pages                    = {536--543}
}

@InCollection{mnih-atari-2013,
  Title                    = {Playing Atari With Deep Reinforcement Learning},
  Author                   = {Volodymyr Mnih and Koray Kavukcuoglu and David Silver and Alex Graves and Ioannis Antonoglou and Daan Wierstra and Martin Riedmiller},
  Booktitle                = {NIPS Deep Learning Workshop},
  Year                     = {2013}
}

@Article{mnih-dqn-2015,
  Title                    = {Human-level control through deep reinforcement learning},
  Author                   = {Mnih, Volodymyr and Kavukcuoglu, Koray and Silver, David and Rusu, Andrei A. and Veness, Joel and Bellemare, Marc G. and Graves, Alex and Riedmiller, Martin and Fidjeland, Andreas K. and Ostrovski, Georg and Petersen, Stig and Beattie, Charles and Sadik, Amir and Antonoglou, Ioannis and King, Helen and Kumaran, Dharshan and Wierstra, Daan and Legg, Shane and Hassabis, Demis},
  Journal                  = {Nature},
  Year                     = {2015},

  Month                    = {02},
  Number                   = {7540},
  Pages                    = {529--533},
  Volume                   = {518},

  Day                      = {26}
}

@InProceedings{Littlestone89,
  Title                    = {The Weighted Majority Algorithm},
  Author                   = {N. Littlestone, M.K. Warmuth},
  Booktitle                = {30th Annual Symposium on Foundations of Computer Science (SCFS 1989)},
  Year                     = {1989},
  Pages                    = {256--261}
}

@Article{Nash1951,
  Title                    = {Non-Cooperative Games},
  Author                   = {J. Nash},
  Journal                  = {The Annals of Mathematics},
  Year                     = {1951},
  Number                   = {2},
  Pages                    = {286--295},
  Volume                   = {54}
}

@Article{Nash1950,
  Title                    = {Equilibrium Points in N-person Games},
  Author                   = {J. Nash},
  Journal                  = {Proceedings of the National Academy of Sciences},
  Year                     = {1950},
  Number                   = {1},
  Pages                    = {48--49},
  Volume                   = {36}
}

@InProceedings{Neller11,
  Title                    = {Approximating Optimal {D}udo Play with Fixed-Strategy Iteration Counterfactual Regret Minimization},
  Author                   = {T. W. Neller and S. Hnath},
  Booktitle                = {Computers and Games},
  Year                     = {2011}
}

@Article{neller04,
  Title                    = {Optimal Play of the Dice Game {P}ig},
  Author                   = {T. W. Neller and C.G.M. Pressor},
  Journal                  = {Undergraduate Mathematics and Its Applications},
  Year                     = {2004},
  Number                   = {1},
  Pages                    = {25--47},
  Volume                   = {25}
}

@Article{nelson1990,
  Title                    = {Control Variate Remedies},
  Author                   = {B. L. Nelson},
  Journal                  = {Operations Research},
  Year                     = {1990},
  Number                   = {6},
  Pages                    = {pp. 974-992},
  Volume                   = {38},

  Copyright                = {Copyright © 1990 INFORMS},
  ISSN                     = {0030364X},
  Jstor_articletype        = {research-article},
  Jstor_formatteddate      = {Nov. - Dec., 1990},
  Language                 = {English},
  Publisher                = {INFORMS},
  Url                      = {http://www.jstor.org/stable/170965}
}

@Book{Neumann44,
  Title                    = {The Theory of Games and Economic Behavior},
  Author                   = {J. von Neumann and O. Morgenstern},
  Publisher                = {Princeton University Press},
  Year                     = {1947}
}

@Book{Neumann47,
  Title                    = {The Theory of Games and Economic Behavior},
  Author                   = {J. von Neumann and O. Morgenstern},
  Publisher                = {Princeton University Press},
  Year                     = {1947},
  Edition                  = {2nd}
}

@Article{nguyen2013monte,
  Title                    = {{M}onte {C}arlo Tree Search for Collaboration Control of Ghosts in {M}s. {P}ac-{M}an},
  Author                   = {Kien Quang Nguyen and Ruck Thawonmas},
  Journal                  = {IEEE Transactions on Computational Intelligence and AI in Games},
  Year                     = {2013},
  Number                   = {1},
  Pages                    = {57--68},
  Volume                   = {5},

  Owner                    = {kail},
  Publisher                = {IEEE},
  Timestamp                = {2014.06.25}
}

@InProceedings{nijssen12cgw,
  Title                    = {{An Overview of Search Techniques in Multi-Player Games}},
  Author                   = {J. A. M. Nijssen and M. H. M. Winands},
  Booktitle                = {Computer Games Workshop at ECAI 2012},
  Year                     = {2012},
  Pages                    = {50--61}
}

@Article{Nijssen12SY,
  Title                    = {{M}onte {C}arlo Tree Search for the Hide-and-Seek Game Scotland Yard},
  Author                   = {P. Nijssen and M. H. M. Winands},
  Journal                  = {{IEEE} Transactions on Computational Intelligence and {AI} in Games},
  Year                     = {2012},

  Month                    = {December},
  Number                   = {4},
  Pages                    = {282--294},
  Volume                   = {4}
}

@InCollection{Nowe12MARLchapter,
  Title                    = {Game Theory and Multi-agent Reinforcement Learning},
  Author                   = {A. Now\'{e} and P. Vrancx and Y-M. De Hauwere},
  Booktitle                = {Reinforcement Learning: State-of-the-Art},
  Publisher                = {Springer Berlin Heidelberg},
  Year                     = {2012},
  Chapter                  = {12},
  Editor                   = {M. Wiering and M. van Otterlo},
  Pages                    = {441-470}
}

@InProceedings{GAMUT,
  Title                    = {Run the {GAMUT}: A Comprehensive Approach to Evaluating Game-Theoretic Algorithms},
  Author                   = {E. Nudelman and J. Wortman and K. Leyton-Brown and Y. Shoham},
  Booktitle                = {The Third International Joint Conference on Autonomous Agents and Multi-Agent Systems (AAMAS 2004)},
  Year                     = {2004}
}

@Article{Ontanon13RTSSurvey,
  Title                    = {A Survey of Real-Time Strategy Game {AI} Research and Competition in StarCraft},
  Author                   = {S. Onta{\~n}\'{o}n and G. Synnaeve and A. Uriarte and F. Richoux and D. Churchill and M. Preuss},
  Journal                  = {IEEE Transactions on Computational Intelligence and AI in Games},
  Year                     = {2013},
  Number                   = {4},
  Pages                    = {293--311},
  Volume                   = {5}
}

@PhdThesis{EGGG00,
  Title                    = {The Extensible Graphical Game Generator},
  Author                   = {J. Orwant},
  School                   = {Massechusetts Institute of Technology},
  Year                     = {2000}
}

@Book{Osborne04,
  Title                    = {An Introduction to Game Theory},
  Author                   = {M.J. Osborne},
  Publisher                = {Oxford University Press},
  Year                     = {2004}
}

@Book{OsbRub94,
  Title                    = {A Course in Game Theory},
  Author                   = {M.J. Osborne and A. Rubinstein},
  Publisher                = {{MIT} Press},
  Year                     = {1994}
}

@MastersThesis{Papp98,
  Title                    = {Dealing with Imperfect Information in {P}oker},
  Author                   = {D. Papp},
  School                   = {University of Alberta},
  Year                     = {1998},
  Month                    = {November}
}

@InProceedings{Parker06Overconfidence,
  Title                    = {Overconfidence or Paranoia? Search in Imperfect-Information Games},
  Author                   = {A. Parker and D. Nau and V.S. Subrahmanian},
  Booktitle                = {AAAI Proceedings of the 21st National Conference on Artificial intelligence},
  Year                     = {2006},
  Pages                    = {1045--1050},
  Volume                   = {2}
}

@InProceedings{Parker10iss,
  Title                    = {Paranoia versus overconfidence in imperfect-information games},
  Author                   = {A. Parker and D. S. Nau and V.S. Subrahmanian},
  Booktitle                = {Heuristics, Probabilities, and Causality: A Tribute to Judea Pearl},
  Year                     = {2010},
  Pages                    = {63--87}
}

@PhdThesis{Pell93,
  Title                    = {Strategy Generation and Evaluation for Meta-Game Playing},
  Author                   = {B. Pell},
  School                   = {University of Cambridge},
  Year                     = {1993}
}

@Article{Pepels14Monte,
  Title                    = {Real-time {M}onte {C}arlo Tree Search for {M}s {P}ac-{M}an},
  Author                   = {Tom Pepels and Mark H.M. Winands and Marc Lanctot},
  Journal                  = {IEEE Transactions on Computational Intelligence and AI in Games},
  Year                     = {2014},
  Number                   = {3},
  Pages                    = {245--257},
  Volume                   = {6}
}

@Article{Perez14PTSP,
  Title                    = {Solving the Physical Traveling Salesman Problem: Tree Search and Macro Actions},
  Author                   = {D. Perez and E.~J. Powley and D. Whitehouse and P. Rohlfshagen and S. Samothrakis and P.~I. Cowling and S.~M. Lucas},
  Journal                  = {IEEE Transanctions on Computational Intelligence and {AI} in Games},
  Year                     = {2014},
  Number                   = {1},
  Pages                    = {31--45},
  Volume                   = {6}
}

@InProceedings{Perick12Comparison,
  Title                    = {Comparison of different selection strategies in {Monte-Carlo} Tree Search for the game of {Tron}},
  Author                   = {Pierre Perick and David L. St-Pierre and Francis Maes and Damien Ernst},
  Booktitle                = {Proceedings of the {IEEE} Conference on Computational Intelligence and Games ({CIG})},
  Year                     = {2012},
  Pages                    = {242--249}
}

@InProceedings{Piccione96,
  Title                    = {On the Interpretation of Decision Problems with Imperfect Recall},
  Author                   = {M. Piccione and A. Rubinstein},
  Booktitle                = {Proceedings of the 6th Conference on THeoretical Aspects of Rationality and Knowledge},
  Year                     = {1996},
  Pages                    = {75--76},
  Publisher                = {Morgan Kaufmann Publishers Inc.}
}

@Article{Ponsen11Computing,
  Title                    = {Computing Approximate {N}ash Equilibria and Robust Best-Responses Using Sampling},
  Author                   = {M. Ponsen and S. de Jong and M. Lanctot},
  Journal                  = {Journal of Artificial Intelligence Research},
  Year                     = {2011},
  Pages                    = {575--605},
  Volume                   = {42}
}

@InProceedings{Ponsen10mcrnr,
  Title                    = {{MCRNR}: Fast Computing of Restricted {N}ash Responses by Means of Sampling},
  Author                   = {M. Ponsen and M. Lanctot and S. de Jong},
  Booktitle                = {Proceedings of Interactive Decision Theory and Game Theory Workshop},
  Year                     = {2010}
}

@InProceedings{Powley12,
  Title                    = {Determinization and Information Set {M}onte {C}arlo Tree Search for the Card Game {D}ou {D}i {Z}hu},
  Author                   = {E.J. Powley and D. Whitehouse and P.I. Cowling},
  Booktitle                = {{IEEE} Conference on Computational Intelligence in Games ({CIG} 2011)},
  Year                     = {2012}
}

@InProceedings{RamanujanS11,
  Title                    = {Trade-Offs in Sampling-Based Adversarial Planning},
  Author                   = {R. Ramanujan and B. Selman},
  Booktitle                = {Proceedings of the 21st International Conference on Automated Planning and Scheduling ({ICAPS 2011})},
  Year                     = {2011},
  Pages                    = {202--209},

  Bibsource                = {DBLP, http://dblp.uni-trier.de},
  Ee                       = {http://aaai.org/ocs/index.php/ICAPS/ICAPS11/paper/view/2708}
}

@Misc{CMUpoker,
  Title                    = {Carnegie Mellon Computer {P}oker Program Sets Its Own {T}exas {H}old'Em Strategy},

  Author                   = {Carnegie Mellon Media Relations},
  Month                    = {July},
  Year                     = {2006}
}

@Article{Rhoads12Computer,
  Title                    = {Computer Solution to the Game of Pure Strategy},
  Author                   = {Rhoads, Glenn C. and Bartholdi, Laurent},
  Journal                  = {Games},
  Year                     = {2012},
  Number                   = {4},
  Pages                    = {150--156},
  Volume                   = {3}
}

@Article{Awari,
  Title                    = {Solving {A}wari with Parallel Retrograde Analysis},
  Author                   = {J. W. Romein and H. E. Bal},
  Journal                  = {Computer},
  Year                     = {2003},
  Number                   = {10},
  Pages                    = {26--33},
  Volume                   = {36}
}

@Article{Ross71Goofspiel,
  Title                    = {{G}oofspiel --- The game of pure strategy},
  Author                   = {S. M. Ross},
  Journal                  = {Journal of Applied Probability},
  Year                     = {1971},
  Number                   = {3},
  Pages                    = {621--625},
  Volume                   = {8}
}

@Article{Rubin10Poker,
  Title                    = {Computer Poker: A Review},
  Author                   = {J. Rubin and I. Watson},
  Journal                  = {Artificial Intelligence},
  Year                     = {2010},
  Number                   = {5--6},
  Pages                    = {958--987},
  Volume                   = {175}
}

@Book{AIbook,
  Title                    = {Artificial Intelligence: A Modern Approach},
  Author                   = {S. Russell and P. Norvig},
  Publisher                = {Prentice Hall},
  Year                     = {2009},
  Edition                  = {3rd}
}

@Book{russellnorvig,
  Title                    = {Artificial Intelligence: A Modern Approach},
  Author                   = {S. J. Russell and P. Norvig},
  Publisher                = {Pearson Education},
  Year                     = {2010},
  Edition                  = {3rd},

  Bibsource                = {DBLP, http://dblp.uni-trier.de},
  Ee                       = {http://vig.pearsoned.com/store/product/1,1207,store-12521_isbn-0136042597,00.html},
  ISBN                     = {978-0-13-207148-2},
  Pages                    = {I-XVIII, 1-1132}
}

@Article{cantstop,
  Title                    = {{C}an't {S}top},
  Author                   = {S. Sackson},
  Journal                  = {Ravensburger},
  Year                     = {1980}
}

@PhdThesis{Saffidine2013thesis,
  Title                    = {Solving Games and All That},
  Author                   = {Saffidine, Abdallah},
  School                   = {Universit\'{e} Paris-Dauphine},
  Year                     = {2013},

  Address                  = {Paris, France}
}

@InProceedings{Saffidine12SMAB,
  Title                    = {Alpha-Beta Pruning for Games with Simultaneous Moves},
  Author                   = {Abdallah Saffidine and Hilmar Finnsson and Michael Buro},
  Booktitle                = {Proceedings of the Thirty-Second Conference on Artificial Intelligence ({AAAI}-12)},
  Year                     = {2012},
  Pages                    = {556--562}
}

@InProceedings{Sailor07adversarial,
  Title                    = {Adversarial Planning Through Strategy Simulation},
  Author                   = {F. Sailer and M. Buro and M. Lanctot},
  Booktitle                = {IEEE Symposium on Computational Intelligence and Games ({CIG})},
  Year                     = {2007},
  Pages                    = {37--45}
}

@InProceedings{Samothrakis10Tron,
  Title                    = {A {UCT} Agent for {Tron}: {I}nitial Investigations},
  Author                   = {Spyridon Samothrakis and David Robles and Simon M. Lucas},
  Booktitle                = {Proceedings of the 2010 {IEEE} Conference on Computational Intelligence and Games ({CIG})},
  Year                     = {2010},
  Pages                    = {365--371}
}

@Article{Samuel1959,
  Title                    = {Some Studies in Machine Learning Using the Game of {C}heckers},
  Author                   = {A. Samuel},
  Journal                  = {{IBM} Journal of Research and Development},
  Year                     = {1959},
  Number                   = {3},
  Pages                    = {211--229},
  Volume                   = {3}
}

@Article{Sandholm10The,
  Title                    = {The State of Solving Large Incomplete-Information Games, and Application to Poker},
  Author                   = {T. Sandholm},
  Journal                  = {{AI} Magazine},
  Year                     = {2010},
  Number                   = {4},
  Pages                    = {13--32},
  Volume                   = {31}
}

@Article{pig,
  Title                    = {Scarne on Dice},
  Author                   = {J. Scarne},
  Journal                  = {Harrisburg, PA: Military Service Publishing Co},
  Year                     = {1945}
}

@MastersThesis{shafer08,
  Title                    = {The {UCT} Algorithm Applied to Games with Imperfect Information},
  Author                   = {J. Sch\"{a}fer},
  School                   = {Otto-von-Guericke-Universit\"{a}t Magdeburg},
  Year                     = {2008}
}

@Article{Schadd11Best,
  Title                    = {Best Reply Search for Multi-Player Games},
  Author                   = {M. P. D. Schadd and M. H. M. Winands},
  Journal                  = {{IEEE} Transactions on Computational Intelligence and {AI} in Games},
  Year                     = {2011},
  Number                   = {1},
  Pages                    = {57--66},
  Volume                   = {3}
}

@Book{Schaeffer09,
  Title                    = {One Jump Ahead: Challenging Human Supremacy in {C}heckers},
  Author                   = {J. Schaeffer},
  Publisher                = {Springer-Verlag},
  Year                     = {2009},
  Edition                  = {2nd}
}

@Article{Schaeffer07gameover,
  Title                    = {Game Over: Game Over: Black to Play and Draw in Checkers},
  Author                   = {J. Schaeffer},
  Journal                  = {International Computer Games Association ({ICGA}) Journal},
  Year                     = {2007},
  Number                   = {4},
  Pages                    = {187--197},
  Volume                   = {30}
}

@InProceedings{Schaeffer99,
  Title                    = {Learning to Play strong {P}oker},
  Author                   = {J. Schaeffer and D. Billings and M. de L. P. Castillo and D. Szafron},
  Booktitle                = {International Conference on Machine Learning 1999 Workshop Machine Learning in Game Playing ({ICML})},
  Year                     = {1999}
}

@Article{Checkers,
  Title                    = {Checkers is Solved},
  Author                   = {J. Schaeffer and N. Burch and Y. Bjornsson and A. Kishimoto and M. Mueller and R. Lake and P. Lu and S. Sutphen},
  Journal                  = {Science},
  Year                     = {2007}
}

@Article{Chinook,
  Title                    = {Chinook: The World Man-Machine {C}heckers Champion},
  Author                   = {J. Schaeffer and R. Lake and P. Lu and M. Bryant},
  Journal                  = {AI Magazine},
  Year                     = {1996},
  Number                   = {1},
  Pages                    = {21--29},
  Volume                   = {17}
}

@Article{Schaeffer96chinook,
  Title                    = {Chinook: The World Man-Machine Checkers Champion},
  Author                   = {J. Schaeffer and R. Lake and P. Lu and M. Bryant},
  Journal                  = {{AI} Magazine},
  Year                     = {1996},
  Number                   = {1},
  Pages                    = {21--29},
  Volume                   = {17}
}

@MastersThesis{Schauenberg06,
  Title                    = {Opponent Modelling and Search in {P}oker},
  Author                   = {T. Schauenberg},
  School                   = {University of Alberta},
  Year                     = {2006},
  Month                    = {Spring}
}

@InProceedings{Shafiei09,
  Title                    = {Comparing {UCT} versus {CFR} in Simultaneous Games},
  Author                   = {M. Shafiei and N. Sturtevant and J. Schaeffer},
  Booktitle                = {Proceeding of the {IJCAI} Workshop on General Game-Playing (GIGA)},
  Year                     = {2009},
  Pages                    = {75--82}
}

@Article{Shannon1950,
  Title                    = {A Chess-Playing machine.},
  Author                   = {C. Shannon},
  Journal                  = {Scientific American},
  Year                     = {1950},
  Pages                    = {48--51}
}

@Article{Sheppard02World,
  Title                    = {World-championship-caliber Scrabble},
  Author                   = {Brian Sheppard},
  Journal                  = {Artificial Intelligence},
  Year                     = {2002},
  Pages                    = {241--275},
  Volume                   = {134}
}

@InProceedings{Shi01,
  Title                    = {Abstraction Models for Game-Theoretic {P}oker},
  Author                   = {J. Shi and M. Littman},
  Booktitle                = {Computers and Games},
  Year                     = {2001},
  Pages                    = {333--345},
  Publisher                = {Springer-Verlag},
  Series                   = {Lecture Notes in Computer Science}
}

@Book{Shoham09,
  Title                    = {Multiagent Systems: Algorithmic, Game-Theoretic, and Logical Foundations},
  Author                   = {Y. Shoham and K. Leyton-Brown},
  Publisher                = {Cambridge University Press},
  Year                     = {2009}
}

@InProceedings{silver10,
  Title                    = {{M}onte-{C}arlo Planning in Large {POMDPs}},
  Author                   = {D. Silver and J. Veness},
  Booktitle                = {Advances in Neural Information Processing Systems 23},
  Year                     = {2010},
  Pages                    = {2164--2172}
}

@InProceedings{Singh20Nash,
  Title                    = {Nash Convergence of Gradient Dynamics in General-Sum Games},
  Author                   = {S. Singh and M. Kearns and Y. Mansour},
  Booktitle                = {Proceedings of the 16th Conference on Uncertainty in Artificial Intelligence (UAI)},
  Year                     = {2000},
  Pages                    = {541--548}
}

@InProceedings{smith1995,
  Title                    = {An analysis of forward pruning},
  Author                   = {Smith, S.J.J. and Nau, D.S.},
  Booktitle                = {Proceedings of the National Conference on Artificial Intelligence},
  Year                     = {1995},
  Pages                    = {1386--1386},

  Owner                    = {kail},
  Timestamp                = {2014.06.25}
}

@InCollection{Stengel07,
  Title                    = {Equilibrium Computation for Two-Player Games in Strategic and Extensive Form},
  Author                   = {B. von Stengel},
  Booktitle                = {Algorithmic Game Theory},
  Publisher                = {Cambridge University Press},
  Year                     = {2007},
  Chapter                  = {4}
}

@InProceedings{StPierre12Online,
  Title                    = {Online Sparse Bandit for Card Games},
  Author                   = {David L. St-Pierre and Quentin Louveaux and Olivier Teytaud},
  Booktitle                = {Advances in Computer Games},
  Year                     = {2012},
  Pages                    = {295--305},
  Publisher                = {Springer-Verlag},
  Series                   = {Lecture Notes in Computer Science}
}

@InProceedings{06aamas-softmaxn,
  Title                    = {Robust Game Play Against Unknown Opponents},
  Author                   = {Nathan Sturtevant and Michael Bowling},
  Booktitle                = {Proceedings of the Fifth International Joint Conference on Autonomous Agents and Multi-Agent Systems (AAMAS)},
  Year                     = {2006},
  Pages                    = {713--719}
}

@InProceedings{06aaai-probmaxn,
  Title                    = {{ProbMaxn}: Opponent Modeling in N-Player Games},
  Author                   = {Nathan Sturtevant and Martin Zinkevich and Michael Bowling},
  Booktitle                = {Proceedings of the Twenty-First National Conference on Artificial Intelligence (AAAI)},
  Year                     = {2006},
  Pages                    = {1057--1063}
}

@Article{Sturtevant08An,
  Title                    = {An Analysis of {UCT} in Multi-Player Games},
  Author                   = {N. R. Sturtevant},
  Journal                  = {International Computer Games Journal},
  Year                     = {2008},
  Number                   = {4},
  Pages                    = {195--208},
  Volume                   = {31}
}

@Article{Sturtevant08icga,
  Title                    = {An Analysis of {UCT} in Multi-Player Games},
  Author                   = {Nathan R. Sturtevant},
  Journal                  = {ICGA Journal},
  Year                     = {2008},
  Number                   = {4},
  Pages                    = {195-208},
  Volume                   = {31}
}

@PhdThesis{Sturtevant03,
  Title                    = {Multi-Player Games: Algorithms and Approaches},
  Author                   = {N. R. Sturtevant},
  School                   = {University of California, Los Angeles ({UCLA})},
  Year                     = {2003}
}

@InProceedings{Sturtevant02,
  Title                    = {A Comparison of Algorithms for Multi-player Games},
  Author                   = {N. R. Sturtevant},
  Booktitle                = {Computers and Games},
  Year                     = {2002},
  Pages                    = {108--122}
}

@InProceedings{Sturtevant00On,
  Title                    = {On Pruning Techniques for Multi-player Games},
  Author                   = {N. R. Sturtevant and R. E. Korf},
  Booktitle                = {Proceedings of the Seventeenth National Conference on Artificial Intelligence ({AAAI} 2000)},
  Year                     = {2000},
  Pages                    = {201--207}
}

@Book{Sutton98,
  Title                    = {Reinforcement Learning: An Introduction},
  Author                   = {R. Sutton and A. Barto},
  Publisher                = {{MIT} Press},
  Year                     = {1998},
  Note                     = {\url{http://webdocs.cs.ualberta.ca/\~{ }sutton/book/the-book.html}}
}

@InProceedings{Sutton00policy,
  Title                    = {Policy Gradient Methods for Reinforcement Learning with Function Approximation},
  Author                   = {R. S. Sutton and D. McAllester and S. Singh and Y. Mansour},
  Booktitle                = {Advances in Neural Information Processing Systems 12},
  Year                     = {2000},
  Pages                    = {1057--1063},
  Publisher                = {{MIT} Press}
}

@Misc{csaba09reinforcementlearning,
  Title                    = {Reinforcement Learning Algorithms for {MDPs}},

  Author                   = {C. Szepesv\'{a}ri},
  Year                     = {2009}
}

@InProceedings{Tak14smmcts,
  Title                    = {{M}onte {C}arlo Tree Search Variants for Simultaneous Move Games.},
  Author                   = {M.~J.~W. Tak and M.~H.~M. Winands and M. Lanctot},
  Booktitle                = {Proceedings of the IEEE Conference on Computational Intelligence and Games ({CIG})},
  Year                     = {2014},
  Pages                    = {232--239}
}

@Article{Tesauro95TDGammon,
  Title                    = {Temporal difference learning and {TD}-{G}ammon},
  Author                   = {G. Tesauro},
  Journal                  = {Communications of the ACM},
  Year                     = {1995},

  Month                    = mar,
  Number                   = {3},
  Pages                    = {58--68},
  Volume                   = {38},

  Address                  = {New York, NY, USA},
  Publisher                = {ACM}
}

@InProceedings{Teytaud11Upper,
  Title                    = {Upper confidence trees with short term partial information},
  Author                   = {Teytaud, Olivier and Flory, S{\'e}bastien},
  Booktitle                = {Applications of Evolutionary Computation (EvoGames 2011), Part I},
  Year                     = {2011},
  Pages                    = {153--162},
  Publisher                = {Springer Berlin Heidelberg},
  Series                   = {LNCS},
  Volume                   = {6624}
}

@Misc{mpcrules,
  Title                    = {Four-Person Chess ({P}aderborn Rules)},

  Author                   = {T. Tscheuschner},
  Year                     = {2005},

  Url                      = {http://www2.cs.uni-paderborn.de/cs/chessy/pdf/4Prules.pdf}
}

@Article{Turing1950,
  Title                    = {Computing Machinery and Intelligence},
  Author                   = {A. Turing},
  Year                     = {1950}
}

@Article{dominion,
  Title                    = {{D}ominion},
  Author                   = {D. X. Vaccarino},
  Journal                  = {Rio Grande Games},
  Year                     = {2008}
}

@InCollection{veness2011,
  Title                    = {Variance Reduction in {M}onte-{C}arlo Tree Search},
  Author                   = {J. Veness and M. Lanctot and M. Bowling},
  Booktitle                = {Advances in Neural Information Processing Systems 24},
  Year                     = {2011},
  Editor                   = {J. Shawe-Taylor and R.S. Zemel and P. Bartlett and F.C.N. Pereira and K.Q. Weinberger},
  Pages                    = {1836--1844}
}

@InProceedings{walsh10,
  Title                    = {Integrating Sample-Based Planning and Model-Based Reinforcement Learning},
  Author                   = {T. J. Walsh and S. Goschin and M. L. Littman},
  Booktitle                = {Proceedings of The Twenty-Fourth AAAI Conference on Artificial Intelligence ({AAAI 2010})},
  Year                     = {2010},

  Bibsource                = {DBLP, http://dblp.uni-trier.de},
  Ee                       = {http://www.aaai.org/ocs/index.php/AAAI/AAAI10/paper/view/1880}
}

@Book{Wasserman04All,
  Title                    = {All of Statistics},
  Author                   = {L. Wasserman},
  Publisher                = {Springer Science+Business Media Inc.},
  Year                     = {2004}
}

@InProceedings{AbstractionPathologies,
  Title                    = {Abstraction Pathologies in Extensive Games},
  Author                   = {K. Waugh and D. Schnizlein and M. Bowling and D. Szafron},
  Booktitle                = {The Eight International Conference on Autonomous Agents and Multiagent Systems ({AAMAS})},
  Year                     = {2009},
  Pages                    = {781--788}
}

@InProceedings{Waugh09,
  Title                    = {A Practical Use of Imperfect Recall},
  Author                   = {K. Waugh and M. Zinkevich and M. Johanson and M. Kan and D. Schnizlein and M. Bowling},
  Booktitle                = {Proceedings of SARA 2009: The Eighth Symposium on Abstraction, Reformulation and Approximation},
  Year                     = {2009}
}

@Article{Go55,
  Title                    = {Solving {G}o on Small Boards},
  Author                   = {E.C.D. van der Werf and H.J. van den Herik and J.W.H.M. Uiterwijk},
  Journal                  = {International Computer Games Association Journal},
  Year                     = {2003},
  Number                   = {2},
  Pages                    = {92--107},
  Volume                   = {26}
}

@InProceedings{09ijcai-mivat,
  Title                    = {Learning a Value Analysis Tool For Agent Evaluation},
  Author                   = {M. White and M. Bowling},
  Booktitle                = {Proceedings of the Twenty-First International Joint Conference on Artificial Intelligence ({IJCAI 2009})},
  Year                     = {2009},
  Pages                    = {1976--1981},

  Acceptnumbers            = {331 of 1290},
  Acceptrate               = {26\%}
}

@InProceedings{Whitehouse13Integrating,
  Title                    = {Integrating {M}onte {C}arlo Tree Search with Knowledge-Based Methods to Create Engaging Play in a Commercial Mobile Game},
  Author                   = {D. Whitehouse and P.I. Cowling and E.J. Powley and J. Rollason},
  Booktitle                = {Proceedings of the Ninth AAAI Conference on Artificial Intelligence and Interactive Digital Entertainment ({AIIDE})},
  Year                     = {2013},
  Pages                    = {100--106}
}

@InProceedings{Whitehouse11DDZ,
  Title                    = {Determinization and Information Set {M}onte {C}arlo Tree Search for the card game {D}ou {D}i {Z}hu},
  Author                   = {D. Whitehouse and E.J. Powley and P.I. Cowling},
  Booktitle                = {Proceedings of {IEEE} Conference on Computational Intelligence in Games (CIG)},
  Year                     = {2011},
  Pages                    = {87--94}
}

@InProceedings{Winands11AB,
  Title                    = {$\alpha\beta$-based Play-outs in {M}onte-{C}arlo Tree Search},
  Author                   = {M. H. M. Winands and Y. Bj\"{o}rnsson},
  Booktitle                = {IEEE Conference on Computational Intelligence and Games ({CIG})},
  Year                     = {2011},
  Pages                    = {110--117}
}

@InProceedings{Winands09eval,
  Title                    = {Evaluation Function Based {M}onte-{C}arlo {L}ines of {A}ction},
  Author                   = {M. H. M. Winands and Y. Bj\"{o}rnsson},
  Booktitle                = {Proceedings of the 12th International Conference on Advances in Computer Games (ACG)},
  Year                     = {2010},
  Pages                    = {33--44},
  Publisher                = {Springer-Verlag}
}

@Article{Winands10MCTS-LOA,
  Title                    = {{M}onte {C}arlo Tree Search in {L}ines of {A}ction},
  Author                   = {M. H. M. Winands and Y. Bj\"{o}rnsson and J-T. Saito},
  Journal                  = {IEEE Transactions on Computational Intelligence and AI in Games},
  Year                     = {2010},
  Number                   = {4},
  Pages                    = {239--250},
  Volume                   = {2}
}

@InProceedings{Winands08MCTSSolver,
  Title                    = {{M}onte-{C}arlo Tree Search Solver},
  Author                   = {Mark H.~M. Winands and Yngvi Bj\"{o}rnsson and Jahn-Takeshi Saito},
  Booktitle                = {Proceedings of the 6th international conference on Computers and Games (CG 2008)},
  Year                     = {2008},

  Address                  = {Berlin, Heidelberg},
  Pages                    = {25--36},
  Publisher                = {Springer-Verlag},
  Series                   = {LNCS},
  Volume                   = {5131}
}

@PhdThesis{Woods10thesis,
  Title                    = {Convivial Conflicts: The Form, Culture and Play of Modern European Strategy Games},
  Author                   = {Stewart Woods},
  School                   = {Curtin University of Technology},
  Year                     = {2010}
}

@Article{Hex77,
  Title                    = {On a Decomposition Method for Finding Solution in {H}ex Game},
  Author                   = {J. Yang and S. Liao and M. Pawlak},
  Journal                  = {International Conference on Application and Development of Computer Games in the 21st Century},
  Year                     = {2001},
  Pages                    = {96--111}
}

@InProceedings{Zinkevich03Online,
  Title                    = {Online Convex Programming and Generalized Infinitesimal Gradient Ascent},
  Author                   = {M. Zinkevich},
  Booktitle                = {Proceedings of Twentieth International Conference on Machine Learning ({ICML}-2003)},
  Year                     = {2003},
  Pages                    = {928--936}
}

@InProceedings{Zinkevich07New,
  Title                    = {{A New Algorithm for Generating Equilibria in Massive Zero-Sum Games}},
  Author                   = {M. Zinkevich and M. Bowling and N. Burch},
  Booktitle                = {Proceedings of the Twenty-Seventh Conference on Artificial Intelligence ({AAAI}-07)},
  Year                     = {2007},
  Pages                    = {788--793}
}

@InProceedings{CFR,
  Title                    = {Regret Minimization in Games with Incomplete Information},
  Author                   = {M. Zinkevich and M. Johanson and M. Bowling and C. Piccione},
  Booktitle                = {Advances in Neural Information Processing Systems (NIPS 2007)},
  Year                     = {2008},
  Pages                    = {1729--1736}
}

@TechReport{CFR-TR,
  Title                    = {Regret Minimization in Games with Incomplete Information},
  Author                   = {M. Zinkevich and M. Johanson and M. Bowling and C. Piccione},
  Institution              = {University of Alberta},
  Year                     = {2007},
  Month                    = {September},
  Number                   = {TR07-14}
}

@InProceedings{Zuckerman09Mixing,
  Title                    = {Mixing search strategies for multi-player games},
  Author                   = {Zuckerman, Inon and Felner, Ariel and Kraus, Sarit},
  Booktitle                = {Proceedings of the 21st international jont conference on Artifical intelligence},
  Year                     = {2009},

  Address                  = {San Francisco, CA, USA},
  Pages                    = {646--651},
  Publisher                = {Morgan Kaufmann Publishers Inc.}
}

@Article(Bowling15science,
  Title = "Heads-up Limit Hold'em Poker is Solved",
  Author = "Michael Bowling and Neil Burch and Michael Johanson and Oskari Tammelin",
  Journal = "Science",
  Month = "January",
  Year = "2015",
  Volume = "347",
  Number = "6218",
  Pages = "145--149"
)

% Von Neumann, J: Zur Theorie der Gesellschaftsspiele Math. Annalen. 100 (1928) 295-320
@Article{VonNeumann1928,
  Title = {Zur Theorie der Gesellschaftsspiele},
  Author = {J. Von Neumann},
  Journal = {Math Annalen},
  Volume = {100},
  Year = 1928,
  pages = {295--320},
}

% Alexander Reinefeld (1983). An Improvement to the Scout Tree-Search Algorithm. ICCA Journal, Vol. 6, No. 4, pp. 4-14
@Article{Negascout,
  Title = {An Improvement to the Scout Tree-Search Algorithm},
  Author = {Alexander Reinefeld},
  Journal = {ICCA Journal},
  Volume = 6,
  Number = 4,
  pages = {4--14}
}

